<record><leader>00000cas a2200000 a 4500</leader><controlfield tag="001">16700583</controlfield><controlfield tag="008">870916c19879999txudr ne      0   a0eng d</controlfield><datafield ind1=" " ind2=" " tag="010"><subfield code="a">sn 87002450 </subfield></datafield><datafield ind1=" " ind2=" " tag="040"><subfield code="a">NSD</subfield><subfield code="b">eng</subfield><subfield code="c">NSD</subfield><subfield code="d">DLC</subfield><subfield code="d">CUS</subfield><subfield code="d">OCLCQ</subfield><subfield code="d">TMI</subfield><subfield code="d">OCLCQ</subfield><subfield code="d">OCLCF</subfield></datafield><datafield ind1=" " ind2=" " tag="012"><subfield code="m">y</subfield></datafield><datafield ind1="1" ind2=" " tag="022"><subfield code="a">0895-6138</subfield><subfield code="l">0895-6138</subfield><subfield code="y">0739-1293</subfield><subfield code="2">1</subfield></datafield><datafield ind1="1" ind2=" " tag="029"><subfield code="a">AU@</subfield><subfield code="b">000020490889</subfield></datafield><datafield ind1="1" ind2=" " tag="029"><subfield code="a">NZ1</subfield><subfield code="b">16075741</subfield></datafield><datafield ind1=" " ind2=" " tag="032"><subfield code="a">683640</subfield><subfield code="b">USPS</subfield></datafield><datafield ind1=" " ind2=" " tag="037"><subfield code="b">Times Publishing Company, 1301 Lamar, P.O. Box 120, Wichita Falls, TX 76307</subfield></datafield><datafield ind1=" " ind2=" " tag="042"><subfield code="a">nsdp</subfield></datafield><datafield ind1=" " ind2=" " tag="043"><subfield code="a">n-us-tx</subfield></datafield><datafield ind1="1" ind2="4" tag="050"><subfield code="a">Newspaper</subfield></datafield><datafield ind1=" " ind2="0" tag="222"><subfield code="a">Times record news</subfield></datafield><datafield ind1="0" ind2="0" tag="245"><subfield code="a">Times record news.</subfield></datafield><datafield ind1="1" ind2="3" tag="246"><subfield code="a">Wichita Falls times record news</subfield></datafield><datafield ind1="1" ind2=" " tag="246"><subfield code="i">Sunday issues for &lt;Oct. 20-27, 2002&gt; have title:</subfield><subfield code="a">Sunday times record news</subfield></datafield><datafield ind1=" " ind2=" " tag="260"><subfield code="a">Wichita Falls, Tex. :</subfield><subfield code="b">Times Pub. Co.,</subfield><subfield code="c">[1987]-</subfield></datafield><datafield ind1=" " ind2=" " tag="300"><subfield code="a">v.</subfield></datafield><datafield ind1=" " ind2=" " tag="310"><subfield code="a">Daily</subfield></datafield><datafield ind1="0" ind2=" " tag="362"><subfield code="a">Vol. 81, no. 94 (Tuesday, Sept. 1, 1987)-</subfield></datafield><datafield ind1=" " ind2=" " tag="515"><subfield code="a">Assumes the vol. numbering of: Wichita Falls times.</subfield></datafield><datafield ind1=" " ind2=" " tag="580"><subfield code="a">Merger of: Wichita Falls record news, and: Wichita Falls times.</subfield></datafield><datafield ind1=" " ind2=" " tag="588"><subfield code="a">Latest issue consulted: Vol. 96, no. 1 (Oct. 31, 2002).</subfield></datafield><datafield ind1=" " ind2="0" tag="651"><subfield code="a">Wichita Falls (Tex.)</subfield><subfield code="v">Newspapers.</subfield></datafield><datafield ind1=" " ind2="7" tag="655"><subfield code="a">Newspapers.</subfield><subfield code="2">fast</subfield><subfield code="0">(OCoLC)fst01423814</subfield></datafield><datafield ind1=" " ind2="7" tag="651"><subfield code="a">Texas</subfield><subfield code="z">Wichita Falls.</subfield><subfield code="2">fast</subfield><subfield code="0">(OCoLC)fst01217756</subfield></datafield><datafield ind1=" " ind2=" " tag="752"><subfield code="a">United States</subfield><subfield code="b">Texas</subfield><subfield code="c">Wichita</subfield><subfield code="d">Wichita Falls.</subfield></datafield><datafield ind1="1" ind2="4" tag="780"><subfield code="t">Wichita Falls record news</subfield><subfield code="x">0739-1293</subfield><subfield code="w">(DLC)sn 83004241</subfield></datafield><datafield ind1="1" ind2="4" tag="780"><subfield code="t">Wichita Falls times</subfield><subfield code="x">0739-1285</subfield><subfield code="w">(DLC)sn 83004240</subfield></datafield></record>